% This file was created with JabRef 2.10.
% Encoding: Cp1252


@String { AREES     = {Annual Review of Ecology, Evolution, and Systematics} }
@String { ARG       = {Annual Review of Genetics} }
@String { BI        = {Bioinformatics} }
@String { BMCBIO    = {BMC Biology} }
@String { BMCEVOBIO = {BMC Evolutionary Biology} }
@String { EL        = {Ecology Letters} }
@String { EVOLUTION = {Evolution} }
@String { GENETICS  = {Genetics} }
@String { JASA      = {Journal of the American Statistical Association} }
@String { JME       = {Journal of Molecular Evolution} }
@String { JTB       = {Journal of Theoretical Biology} }
@String { MBE       = {Molecular Biology and Evolution} }
@String { MEE       = {Methods in Ecology and Evolution} }
@String { MPE       = {Molecular Phylogenetics and Evolution} }
@String { PBIO      = {PLoS Biology} }
@String { PGENETICS = {PLoS Genetics} }
@String { PNAS      = {Proceedings of the National Academy of Sciences} }
@String { PONE      = {PLoS One} }
@String { ProcB     = {Proceedings of the Royal Society B: Biological Sciences} }
@String { SYSBIO    = {Systematic Biology} }
@String { TEE       = {Trends in Ecology \& Evolution} }
@String { TPB       = {Theoretical Population Biology} }

@Article{Alroy1998,
  Title                    = {Cope's rule and the dynamics of body mass evolution in North American fossil mammals},
  Author                   = {Alroy, John},
  Journal                  = {Science},
  Year                     = {1998},
  Number                   = {5364},
  Pages                    = {731--734},
  Volume                   = {280},

  Owner                    = {hoehna},
  Publisher                = {American Association for the Advancement of Science},
  Timestamp                = {2015.01.20}
}

@Article{DeMagalhaes2009,
  Title                    = {A database of vertebrate longevity records and their relation to other life-history traits},
  Author                   = {De Magalhaes, JP and Costa, J},
  Journal                  = {Journal of evolutionary biology},
  Year                     = {2009},
  Number                   = {8},
  Pages                    = {1770--1774},
  Volume                   = {22},

  Owner                    = {hoehna},
  Publisher                = {Wiley Online Library},
  Timestamp                = {2015.01.20}
}

@Article{Felsenstein1985,
  Title                    = {Phylogenies and the comparative method},
  Author                   = {Felsenstein, Joseph},
  Journal                  = {American Naturalist},
  Year                     = {1985},
  Pages                    = {1--15},

  Owner                    = {hoehna},
  Publisher                = {JSTOR},
  Timestamp                = {2015.01.20}
}

@Article{Felsenstein1985a,
  Title                    = {Phylogenies and the comparative method},
  Author                   = {Felsenstein, Joseph},
  Journal                  = {American Naturalist},
  Year                     = {1985},
  Pages                    = {1--15},

  Owner                    = {hoehna},
  Publisher                = {JSTOR},
  Timestamp                = {2015.01.20}
}

@Article{Felsenstein1981,
  Title                    = {{Evolutionary trees from DNA sequences: A maximum likelihood approach}},
  Author                   = {Felsenstein, J.},
  Journal                  = JME,
  Year                     = {1981},
  Number                   = {6},
  Pages                    = {368--376},
  Volume                   = {17},

  Owner                    = {shhn001},
  Publisher                = {Springer},
  Timestamp                = {2008.04.04}
}

@Book{Harvey1991,
  Title                    = {The comparative method in evolutionary biology},
  Author                   = {Harvey, Paul H and Pagel, Mark D},
  Publisher                = {Oxford university press Oxford},
  Year                     = {1991},
  Volume                   = {239},

  Owner                    = {hoehna},
  Timestamp                = {2015.01.20}
}

@Article{Huelsenbeck2003,
  Title                    = {Detecting correlation between characters in a comparative analysis with uncertain phylogeny},
  Author                   = {Huelsenbeck, John P and Rannala, Bruce},
  Journal                  = EVOLUTION,
  Year                     = {2003},
  Number                   = {6},
  Pages                    = {1237--1247},
  Volume                   = {57},

  Owner                    = {hoehna},
  Publisher                = {Wiley Online Library},
  Timestamp                = {2015.01.22}
}

@Article{Lartillot2013,
  Title                    = {Interaction between selection and biased gene conversion in mammalian protein-coding sequence evolution revealed by a phylogenetic covariance analysis},
  Author                   = {Lartillot, Nicolas},
  Journal                  = MBE,
  Year                     = {2013},
  Number                   = {2},
  Pages                    = {356--368},
  Volume                   = {30},

  Owner                    = {hoehna},
  Publisher                = {SMBE},
  Timestamp                = {2013.08.11}
}

@Article{Lartillot2012,
  Title                    = {JOINT RECONSTRUCTION OF DIVERGENCE TIMES AND LIFE-HISTORY EVOLUTION IN PLACENTAL MAMMALS USING A PHYLOGENETIC COVARIANCE MODEL},
  Author                   = {Lartillot, Nicolas and Delsuc, Fr{\'e}d{\'e}ric},
  Journal                  = EVOLUTION,
  Year                     = {2012},
  Number                   = {6},
  Pages                    = {1773--1787},
  Volume                   = {66},

  Owner                    = {hoehna},
  Publisher                = {Wiley Online Library},
  Timestamp                = {2013.05.31}
}

@Article{Lartillot2009,
  Title                    = {PhyloBayes 3: a Bayesian software package for phylogenetic reconstruction and molecular dating},
  Author                   = {Lartillot, N. and Lepage, T. and Blanquart, S.},
  Journal                  = BI,
  Year                     = {2009},
  Number                   = {17},
  Pages                    = {2286},
  Volume                   = {25},

  Owner                    = {hoehna},
  Publisher                = {Oxford Univ Press},
  Timestamp                = {2011.07.11}
}

@Article{Lartillot2011,
  Title                    = {A phylogenetic model for investigating correlated evolution of substitution rates and continuous phenotypic characters},
  Author                   = {Lartillot, Nicolas and Poujol, Rapha{\"e}l},
  Journal                  = MBE,
  Year                     = {2011},
  Number                   = {1},
  Pages                    = {729--744},
  Volume                   = {28},

  Owner                    = {hoehna},
  Publisher                = {SMBE},
  Timestamp                = {2013.08.11}
}

@Article{Lartillot2013a,
  Title                    = {PhyloBayes MPI: phylogenetic reconstruction with infinite mixtures of profiles in a parallel environment},
  Author                   = {Lartillot, Nicolas and Rodrigue, Nicolas and Stubbs, Daniel and Richer, Jacques},
  Journal                  = SYSBIO,
  Year                     = {2013},
  Number                   = {4},
  Pages                    = {611--615},
  Volume                   = {62},

  Owner                    = {hoehna},
  Publisher                = {Oxford University Press},
  Timestamp                = {2014.04.05}
}

@comment{jabref-meta: selector_publisher:}

@comment{jabref-meta: selector_author:}

@comment{jabref-meta: selector_journal:}

@comment{jabref-meta: selector_keywords:}

